{
  "account_id": "VIRT_BROKER_001",
  "cash": 73350.47010040283,
  "holdings": {
    "CMS": {
      "qty": 22,
      "avg_cost": 76.77999877929688
    },
    "HOLX": {
      "qty": 132,
      "avg_cost": 75.20999908447266
    },
    "LIN": {
      "qty": 2,
      "avg_cost": 490.4100036621094
    },
    "MCD": {
      "qty": 4,
      "avg_cost": 323.9100036621094
    },
    "MO": {
      "qty": 16,
      "avg_cost": 67.72000122070312
    },
    "PPL": {
      "qty": 29,
      "avg_cost": 38.06999969482422
    },
    "REG": {
      "qty": 20,
      "avg_cost": 76.55000305175781
    },
    "SO": {
      "qty": 11,
      "avg_cost": 97.83999633789062
    },
    "SRE": {
      "qty": 11,
      "avg_cost": 93.19000244140625
    },
    "TJX": {
      "qty": 9,
      "avg_cost": 155.7899932861328
    },
    "TRV": {
      "qty": 3,
      "avg_cost": 302.010009765625
    },
    "VTR": {
      "qty": 16,
      "avg_cost": 86.19999694824219
    },
    "WEC": {
      "qty": 17,
      "avg_cost": 115.05000305175781
    },
    "XEL": {
      "qty": 16,
      "avg_cost": 80.81999969482422
    }
  },
  "realized_pnl": 0.0,
  "history": [
    {
      "time": "2026-03-13T05:21:28.485472",
      "symbol": "CMS",
      "side": "buy",
      "qty": 22,
      "price": 76.77999877929688,
      "cost": 1689.1599731445312
    },
    {
      "time": "2026-03-13T05:21:28.485491",
      "symbol": "HOLX",
      "side": "buy",
      "qty": 132,
      "price": 75.20999908447266,
      "cost": 9927.71987915039
    },
    {
      "time": "2026-03-13T05:21:28.485496",
      "symbol": "LIN",
      "side": "buy",
      "qty": 2,
      "price": 490.4100036621094,
      "cost": 980.8200073242188
    },
    {
      "time": "2026-03-13T05:21:28.485501",
      "symbol": "MCD",
      "side": "buy",
      "qty": 4,
      "price": 323.9100036621094,
      "cost": 1295.6400146484375
    },
    {
      "time": "2026-03-13T05:21:28.485506",
      "symbol": "MO",
      "side": "buy",
      "qty": 16,
      "price": 67.72000122070312,
      "cost": 1083.52001953125
    },
    {
      "time": "2026-03-13T05:21:28.485511",
      "symbol": "PPL",
      "side": "buy",
      "qty": 29,
      "price": 38.06999969482422,
      "cost": 1104.0299911499023
    },
    {
      "time": "2026-03-13T05:21:28.485515",
      "symbol": "REG",
      "side": "buy",
      "qty": 20,
      "price": 76.55000305175781,
      "cost": 1531.0000610351562
    },
    {
      "time": "2026-03-13T05:21:28.485520",
      "symbol": "SO",
      "side": "buy",
      "qty": 11,
      "price": 97.83999633789062,
      "cost": 1076.2399597167969
    },
    {
      "time": "2026-03-13T05:21:28.485526",
      "symbol": "SRE",
      "side": "buy",
      "qty": 11,
      "price": 93.19000244140625,
      "cost": 1025.0900268554688
    },
    {
      "time": "2026-03-13T05:21:28.485531",
      "symbol": "TJX",
      "side": "buy",
      "qty": 9,
      "price": 155.7899932861328,
      "cost": 1402.1099395751953
    },
    {
      "time": "2026-03-13T05:21:28.485538",
      "symbol": "TRV",
      "side": "buy",
      "qty": 3,
      "price": 302.010009765625,
      "cost": 906.030029296875
    },
    {
      "time": "2026-03-13T05:21:28.485541",
      "symbol": "VTR",
      "side": "buy",
      "qty": 16,
      "price": 86.19999694824219,
      "cost": 1379.199951171875
    },
    {
      "time": "2026-03-13T05:21:28.485547",
      "symbol": "WEC",
      "side": "buy",
      "qty": 17,
      "price": 115.05000305175781,
      "cost": 1955.8500518798828
    },
    {
      "time": "2026-03-13T05:21:28.485552",
      "symbol": "XEL",
      "side": "buy",
      "qty": 16,
      "price": 80.81999969482422,
      "cost": 1293.1199951171875
    }
  ]
}